@Book{knuth:84,
  author = 	 {Donald E. Knuth},
  title = 	 {The {\TeX} Book},
  publisher = 	 {Addison-Wesley},
  year = 	 {1984},
  edition = 	 {15th}
}

@InCollection{boulic:91,
  author = 	 {R. Boulic and O. Renault},
  title = 	 {3D Hierarchies for Animation},
  booktitle = 	 {New Trends in Animation and Visualization},
  publisher =    {John Wiley {\&} Sons ltd.},
  year = 	 {1991},
  editor = 	 {Nadia Magnenat-Thalmann and Daniel Thalmann}
}

@InCollection{smith:99,
  author = 	 {A. Smith and B. Jones},
  title = 	 {On the Complexity of Computing},
  booktitle = 	 {Advances in Computer Science},
  pages = 	 {555--566},
  publisher =    {Publishing Press},
  year = 	 {1999},
  editor = 	 {A. B. Smith-Jones}
}






%nosssosss
@article{tonini2008contribuiccao,
  title={Contribui{\c{c}}{\~a}o dos modelos de qualidade e maturidade na melhoria dos processos de software},
  author={Tonini, Antonio Carlos and de Carvalho, Marly Monteiro and de Mesquita Spinola, Mauro},
  journal={Production},
  volume={18},
  number={2},
  pages={275--286},
  year={2008},
  publisher={Associa{\c{c}}{\~a}o Brasileira de Engenharia de Produ{\c{c}}{\~a}o}
}

@article{li2000total,
  title={Total quality management in software development process},
  author={Li, Eldon Y and Chen, Houn-Gee and Cheung, Waiman},
  journal={The Journal of Quality Assurance Institute},
  volume={14},
  number={1},
  pages={4--6},
  year={2000}
}

@article{subramanian2007software,
  title={Software quality and IS project performance improvements from software development process maturity and IS implementation strategies},
  author={Subramanian, Girish H and Jiang, James J and Klein, Gary},
  journal={Journal of Systems and Software},
  volume={80},
  number={4},
  pages={616--627},
  year={2007},
  publisher={Elsevier}
}

@article{jiang2004exploration,
  title={An exploration of the relationship between software development process maturity and project performance},
  author={Jiang, James J and Klein, Gary and Hwang, Hsin-Ginn and Huang, Jack and Hung, Shin-Yuan},
  journal={Information \& Management},
  volume={41},
  number={3},
  pages={279--288},
  year={2004},
  publisher={Elsevier}
}

@article{kumaresh2010defect,
  title={Defect analysis and prevention for software process quality improvement},
  author={Kumaresh, Sakthi and Baskaran, R},
  journal={International Journal of Computer Applications},
  volume={8},
  number={7},
  pages={42--47},
  year={2010},
  publisher={International Journal of Computer Applications, 244 5 th Avenue,\# 1526, New~…}
}


@inproceedings{samoladas2008sqo,
  title={The SQO-OSS quality model: measurement based open source software evaluation},
  author={Samoladas, Ioannis and Gousios, Georgios and Spinellis, Diomidis and Stamelos, Ioannis},
  booktitle={IFIP International Conference on Open Source Systems},
  pages={237--248},
  year={2008},
  organization={Springer}
}

@article{conradi2002improving,
  title={Improving software process improvement},
  author={Conradi, H and Fuggetta, Alfonso},
  journal={IEEE software},
  volume={19},
  number={4},
  pages={92--99},
  year={2002},
  publisher={IEEE}
}

@article{humphrey1988characterizing,
  title={Characterizing the software process: a maturity framework},
  author={Humphrey, Watts S},
  journal={IEEE software},
  volume={5},
  number={2},
  pages={73--79},
  year={1988},
  publisher={IEEE}
}

@article{buyukozkan2005group,
  title={Group decision making to better respond customer needs in software development},
  author={B{\"u}y{\"u}k{\"o}zkan, G{\"u}l{\c{c}}in and Feyzio{\u{g}}lu, Orhan},
  journal={Computers \& Industrial Engineering},
  volume={48},
  number={2},
  pages={427--441},
  year={2005},
  publisher={Elsevier}
}
@article{diaz1997software,
  title={How software process improvement helped Motorola},
  author={Diaz, Michael and Sligo, Joseph},
  journal={IEEE software},
  volume={14},
  number={5},
  pages={75--81},
  year={1997},
  publisher={IEEE}
}


@article{crespo2004metodologia,
  title={Uma metodologia para teste de Software no Contexto da Melhoria de Processo},
  author={Crespo, Adalberto Nobiato and Silva, Odair J and Borges, Carlos A and Salviano, Cl{\^e}nio Figueiredo and Argollo, M and Jino, Mario},
  journal={Simp{\'o}sio Brasileiro de Qualidade de Software},
  pages={271--285},
  year={2004}
}


@inproceedings{weber2004modelo,
  title={Modelo de Refer{\^e}ncia para Melhoria de Processo de Software: uma abordagem brasileira},
  author={Weber, Kival C and Rocha, Ana Regina and Alves, {\^A}ngela and Ayala, Arnaldo M and Gon{\c{c}}alves, Austreg{\'e}silo and Paret, Benito and Salviano, Cl{\^e}nio and Machado, Cristina F and Scalet, Danilo and Petit, Djalma and others},
  booktitle={XXX Conferencia Latinoamericana de Informatica (CLEI2004), Sesi{\'o}n},
  volume={13},
  pages={20--10},
  year={2004}
}
@article{humphrey1999pathways,
  title={Pathways to process maturity: The personal software process and team software process},
  author={Humphrey, Watts S},
  journal={SEI Interactive},
  volume={2},
  number={2},
  pages={1--17},
  year={1999}
}
@article{baddoo2003motivators,
  title={De-motivators for software process improvement: an analysis of practitioners’ views},
  author={Baddoo, Nathan and Hall, Tracy},
  journal={Journal of Systems and Software},
  volume={66},
  number={1},
  pages={23--33},
  year={2003},
  publisher={Elsevier}
}
@article{iversen2006problems,
  title={Problems in measuring effectiveness in software process improvement: A longitudinal study of organizational change at Danske Data},
  author={Iversen, Jakob and Ngwenyama, Ojelanki},
  journal={International Journal of Information Management},
  volume={26},
  number={1},
  pages={30--43},
  year={2006},
  publisher={Elsevier}
}


@book{sommerville2007engenharia,
  title={Engenharia de Software, 9 edi{\c{c}}{\~a}o},
  author={Sommerville, Ian},
  journal={Pearson, Addison Wesley},
  volume={9},
  number={9},
  year={2011}
}


@book{wazlawick2013engenharia,
  title={Engenharia de software: conceitos e pr{\'a}ticas},
  author={Wazlawick, Raul},
  volume={1},
  year={2013},
  publisher={Elsevier Brasil}
}


@article{schneidewind1992methodology,
  title={Methodology for validating software metrics},
  author={Schneidewind, Norman F.},
  journal={IEEE Transactions on software engineering},
  volume={18},
  number={5},
  pages={410--422},
  year={1992},
  publisher={IEEE}
}